@book{villani2008optimal,
  title={Optimal transport: old and new},
  author={Villani, C{\'e}dric},
  volume={338},
  year={2008},
  publisher={Springer Science \& Business Media}
}

@article{verdinelli2018hybrid,
  title={Hybrid Wasserstein Distance and Fast Distribution Clustering},
  author={Verdinelli, Isabella and Wasserman, Larry},
  journal={arXiv preprint arXiv:1812.11026},
  year={2018}
}

@article{del2019robust,
  title={Robust clustering tools based on optimal transportation},
  author={del Barrio, E and Cuesta-Albertos, JA and Matr{\'a}n, C and Mayo-{\'I}scar, A},
  journal={Statistics and Computing},
  volume={29},
  number={1},
  pages={139--160},
  year={2019},
  publisher={Springer}
}

@article{wang2013linear,
  title={A linear optimal transportation framework for quantifying and visualizing variations in sets of images},
  author={Wang, Wei and Slep{\v{c}}ev, Dejan and Basu, Saurav and Ozolek, John A and Rohde, Gustavo K},
  journal={International journal of computer vision},
  volume={101},
  number={2},
  pages={254--269},
  year={2013},
  publisher={Springer}
}